// Min Conflict
@article{Minton1992MinimizingCA,
  title   = {Minimizing Conflicts: A Heuristic Repair Method for Constraint Satisfaction and Scheduling Problems},
  author  = {Steven N. Minton and Mark D. Johnston and Andrew B. Philips and Philip D. Laird},
  journal = {Artif. Intell.},
  year    = {1992},
  volume  = {58},
  pages   = {161-205}
}
@article{KapKis,
  author = {Kapsa, Diana and Kisynski, Jacek},
  year   = {2023},
  month  = {02},
  pages  = {},
  title  = {Solving the weighted Maximum Constraint Satisfaction Problem using Dynamic and Iterated Local Search}
}
// ERA
@inproceedings{Renz-ERA,
  author    = {Zhang, Peng and Renz, Jochen},
  title     = {Qualitative Spatial Representation and Reasoning in Angry Birds: The Extended Rectangle Algebra},
  year      = {2014},
  isbn      = {1577356578},
  publisher = {AAAI Press},
  booktitle = {Proceedings of the Fourteenth International Conference on Principles of Knowledge Representation and Reasoning},
  pages     = {378â€“387},
  numpages  = {10},
  location  = {Vienna, Austria},
  series    = {KR'14}
}
// CBR
@article{CBR-issues-variations-approaches,
  author  = {Aamodt, Agnar and Plaza, Enric},
  year    = {2001},
  month   = {08},
  pages   = {39-59},
  title   = {Case-Based Reasoning: Foundational Issues, Methodological Variations, and System Approaches},
  volume  = {7},
  journal = {AI Communications},
  doi     = {10.3233/AIC-1994-7104}
}
// QCBR
@article{QCBR,
  title    = {Qualitative case-based reasoning and learning},
  journal  = {Artificial Intelligence},
  volume   = {283},
  pages    = {103258},
  year     = {2020},
  issn     = {0004-3702},
  doi      = {https://doi.org/10.1016/j.artint.2020.103258},
  url      = {https://www.sciencedirect.com/science/article/pii/S0004370218303424},
  author   = {Thiago Pedro Donadon Homem and Paulo Eduardo Santos and Anna Helena {Reali Costa} and Reinaldo Augusto {da Costa Bianchi} and Ramon {Lopez de Mantaras}},
  keywords = {Case-based reasoning, Qualitative spatial reasoning, Reinforcement learning, Robot soccer}
}
// RECENTS
@article{medical1,
  title   = {A Case-Based Reasoning Model for Depression Based on Three-Electrode EEG Data},
  author  = {Hanshu Cai and Xiangzi Zhang and Yanhao Zhang and Ziyang Wang and Bin Hu},
  journal = {IEEE Transactions on Affective Computing},
  year    = {2020},
  volume  = {11},
  pages   = {383-392}
}
@article{medical2,
  title   = {Case-based reasoning},
  author  = {Mark R. Tonelli},
  journal = {European Journal for Person Centered Healthcare},
  year    = {2020}
}